@incollection{Andreas,
  author      = "Jedlitschka, Andreas and  Ciolkowski, Marcus and Pfahl, Dietmar ",
  title       = "Reporting Experiments in Software Engineering",
  editor      = "Forrest Shull and Janice Singer and Dag I. K. Sj√∏berg",
  booktitle   = "Guide to Advanced Empirical Software Engineering", 
  publisher   = "Springer-Verlag London",
  address     = "London",
  year        = 2008,
  pages       = "201-228",
  chapter     = 8,
}

@online{OpenDaVINCI,
  author = {Christian Berger},
  title = {OpenDaVINCI},
  year = 2016,
  url = {http://opendavinci.cse.chalmers.se/www/},
  urldate = {2016-05-15}
}

@online{OSADL,
  author = {Unknown},
  title = {Open Source Automation Development Lab},
  year = 2016,
  url = {https://www.osadl.org},
  urldate = {2016-05-15}
}  %https://www.osadl.org/
  %https://www.osadl.org/Profile-of-system-in-rack-7-slot-0.qa-profile-r7s0.0.html


@book{juristo2003lecture,
  title={Lecture Notes on Empirical Software Engineering},
  author={Juristo, N. and Moreno, A.M.},
  isbn={9789812795588},
  series={Series on software engineering and knowledge engineering},
  year={2003},
  publisher={World Scientific}
}

@article{runeson,
 author = {Runeson, Per and H\"{o}st, Martin},
 title = {Guidelines for Conducting and Reporting Case Study Research in Software Engineering},
 journal = {Empirical Softw. Engg.},
 issue_date = {April     2009},
 volume = {14},
 number = {2},
 month = apr,
 year = {2009},
 issn = {1382-3256},
 pages = {131--164},
 numpages = {34},
 url = {http://dx.doi.org/10.1007/s10664-008-9102-8},
 doi = {10.1007/s10664-008-9102-8},
 acmid = {1519324},
 publisher = {Kluwer Academic Publishers},
 address = {Hingham, MA, USA},
 keywords = {Case study, Checklists, Guidelines, Research methodology},
} 
