@book{jackson2013statistics,
  title={Statistics Plain and Simple},
  author={Jackson, S.L.},
  isbn={9781133312536},
  lccn={2012940372},
  url={https://books.google.se/books?id=pdNkCtMHYAYC},
  year={2013},
  publisher={Cengage Learning}
}

@article{cberger,
  title={Testing Continuous Deployment with Lightweight Multi-Platform Throw-Away Containers},
  author={Christian Berger},
  year={2015}
  
}

@article{anderson2015docker,
  title={Docker [software engineering]},
  author={Anderson, Charles},
  journal={IEEE Software},
  number={3},
  pages={102--c3},
  year={2015},
  publisher={IEEE}
}

@article{bernstein2014containers,
  title={Containers and cloud: From lxc to docker to kubernetes},
  author={Bernstein, David},
  journal={IEEE Cloud Computing},
  number={3},
  pages={81--84},
  year={2014},
  publisher={IEEE}
}

@INPROCEEDINGS{vmvscontainers, 
author={Felter, W. and Ferreira, A. and Rajamony, R. and Rubio, J.}, 
booktitle={Performance Analysis of Systems and Software (ISPASS), 2015 IEEE International Symposium on}, 
title={An updated performance comparison of virtual machines and Linux containers}, 
year={2015}, 
pages={171-172}, 
keywords={Linux;cloud computing;virtual machines;Docker;KVM;Linux containers;cloud architectures;cloud computing;container manager;representative hypervisor;virtual machines;Containers;Hardware;Linux;Random access memory;Servers;Throughput;Virtual machining}, 
doi={10.1109/ISPASS.2015.7095802}, 
month={March}
}

@INPROCEEDINGS{7034713, 
author={M. Miglierina}, 
booktitle={Symbolic and Numeric Algorithms for Scientific Computing (SYNASC), 2014 16th International Symposium on}, 
title={Application Deployment and Management in the Cloud}, 
year={2014}, 
pages={422-428}, 
keywords={cloud computing;Agile;DevOps;IT management;application deployment;application management;application release process;cloud computing;cloud services;continuous delivering innovative services;market demand;revolutionary paradigm;shared final objective;silo based release process;system administrators;Automation;Companies;Containers;Software;Standards;Virtual machining;cloud computing;devops}, 
doi={10.1109/SYNASC.2014.63}, 
month={Sept}
}


@webpage{mckinsey,
  author={Bosser, O. and Ip, C. Starikova, I.}, 
  Date-Added = {2016-04-18 15:31:54 +0000},
  Date-Modified = {2016-04-18 15:33:00 +0000},
  Lastchecked = {2016-04-18},
  Month = {September},
  Url = {http://www.mckinsey.com/business-functions/business-technology/our-insights/beyond-agile-reorganizing-it-for-faster-software-delivery},
  Year = {2015}}


@book{Httermann:2012:DD:2380958,
 author = {Httermann, Michael},
 title = {DevOps for Developers},
 year = {2012},
 isbn = {1430245697, 9781430245698},
 edition = {1st},
 publisher = {Apress},
 address = {Berkely, CA, USA},
} 

@techreport{carzaniga1998characterization,
  title={A characterization framework for software deployment technologies},
  author={Carzaniga, Antonio and Fuggetta, Alfonso and Hall, Richard S and Heimbigner, Dennis and Van Der Hoek, Andr{\'e} and Wolf, Alexander L},
  year={1998},
  institution={DTIC Document}
}

@article{meyer2014continuous,
  title={Continuous integration and its tools},
  author={Meyer, Michael},
  journal={Software, IEEE},
  volume={31},
  number={3},
  pages={14--16},
  year={2014},
  publisher={IEEE}
}

@inproceedings{conf/cloudcom/MaoHPWCCH15,
  added-at = {2016-04-27T00:00:00.000+0200},
  author = {Mao, Chen-Nien and Huang, Mu-Han and Padhy, Satyajit and Wang, Shu-Ting and Chung, Wu-Chun and Chung, Yeh-Ching and Hsu, Cheng-Hsin},
  biburl = {http://www.bibsonomy.org/bibtex/2370e2658e23f82a1fc2c0a1e62e4f96c/dblp},
  booktitle = {CloudCom},
  crossref = {conf/cloudcom/2015},
  ee = {http://doi.ieeecomputersociety.org/10.1109/CloudCom.2015.67},
  interhash = {c87a2bf0f9250e62518407ce5de541b7},
  intrahash = {370e2658e23f82a1fc2c0a1e62e4f96c},
  isbn = {978-1-4673-9560-1},
  keywords = {dblp},
  pages = {611-616},
  publisher = {IEEE Computer Society},
  timestamp = {2016-04-28T11:37:26.000+0200},
  title = {Minimizing Latency of Real-Time Container Cloud for Software Radio Access Networks.},
  url = {http://dblp.uni-trier.de/db/conf/cloudcom/cloudcom2015.html#MaoHPWCCH15},
  year = 2015
}

@article{kampenes2007systematic,
  title={A systematic review of effect size in software engineering experiments},
  author={Kampenes, Vigdis By and Dyb{\aa}, Tore and Hannay, Jo E and Sj{\o}berg, Dag IK},
  journal={Information and Software Technology},
  volume={49},
  number={11},
  pages={1073--1086},
  year={2007},
  publisher={Elsevier}
}